<?xml version="1.0" encoding="UTF-8"?><collection xmlns="http://www.loc.gov/MARC21/slim"><record><leader>00364nam--2200121-i-4500</leader><controlfield tag="001">000006353</controlfield><controlfield tag="002">20161230</controlfield><controlfield tag="005">20161230201026</controlfield><controlfield tag="008">060222s1000------------r-----000-0-eng-d</controlfield><datafield ind1=" " ind2=" " tag="100"><subfield code="a">Duval, Clement</subfield></datafield><datafield ind1=" " ind2=" " tag="245"><subfield code="a">Inorganic thermogravimetric analysis. second and revised edition. translated from the french</subfield></datafield><datafield ind1=" " ind2=" " tag="260"><subfield code="a">Amsterdam, Elsevier Publ.Co., 1963</subfield></datafield><datafield ind1=" " ind2=" " tag="490"><subfield code="a">Xv+722p</subfield></datafield></record></collection>